% Sekce 2
@article{lunar-pit-distribution,
    author = {Wagner, R. V. and Robinson, M. S.},
    title = {Distribution, Formation Mechanisms, and Significance of Lunar Pits},
    journal = {Icarus},
    volume = {237},
    year = {2014},
    pages = {52--60},
    doi = {10.1016/j.icarus.2014.04.002}
}

@article{lunar-pits-numerical-modelling,
    title = {Numerical modelling of impact crater formation associated with isolated lunar skylight candidates on lava tubes},
    journal = {Planetary and Space Science},
    volume = {86},
    pages = {33-44},
    year = {2013},
    issn = {0032-0633},
    doi = {https://doi.org/10.1016/j.pss.2013.06.010},
    url = {https://www.sciencedirect.com/science/article/pii/S0032063313001517},
    author = {E. Martellato and B.H. Foing and J. Benkhoff},
    keywords = {Moon, Numerical modelling, Impact craters, Skylights, Lava tubes, Space exploration},
}

@article{lunar-pits-entrances-to-caves,
    author = {Hong, Ik-Seon and yi, yu and Kim, Eojin},
    year = {2014},
    month = {06},
    pages = {131-140},
    title = {Lunar Pit Craters Presumed to be the Entrances of Lava Caves by Analogy to the Earth   Lava Tube Pits},
    volume = {31},
    journal = {Journal of Astronomy and Space Sciences},
    doi = {10.5140/JASS.2014.31.2.131}
}

@article{sublunear-lava,
    title = {Confirmation of sublunarean voids and thin layering in mare deposits},
    journal = {Planetary and Space Science},
    volume = {69},
    number = {1},
    pages = {18-27},
    year = {2012},
    issn = {0032-0633},
    doi = {https://doi.org/10.1016/j.pss.2012.05.008},
    url = {https://www.sciencedirect.com/science/article/pii/S0032063312001195},
    author = {M.S. Robinson and J.W. Ashley and A.K. Boyd and R.V. Wagner and E.J. Speyerer and B. {Ray Hawke} and H. Hiesinger and C.H. {van der Bogert}},
    keywords = {Moon, Volcanism, Impact melt, Shelter, Pit, Flow},
}

% Sekce 3

@article{thermal-lunar-pits,
author = {Horvath, Tyler and Hayne, Paul O. and Paige, David A.},
title = {Thermal and Illumination Environments of Lunar Pits and Caves: Models and Observations From the Diviner Lunar Radiometer Experiment},
journal = {Geophysical Research Letters},
volume = {49},
number = {14},
pages = {e2022GL099710},
keywords = {Moon, caves, thermal modeling, space exploration, remote sensing, diviner},
doi = {https://doi.org/10.1029/2022GL099710},
url = {https://agupubs.onlinelibrary.wiley.com/doi/abs/10.1029/2022GL099710},
eprint = {https://agupubs.onlinelibrary.wiley.com/doi/pdf/10.1029/2022GL099710},
note = {e2022GL099710 2022GL099710},
year = {2022}
}


% Sekce 4
@article{Carrer2024,
  author = {Leonardo Carrer and Riccardo Pozzobon and Francesco Sauro and Davide Castelletti and Gerald Wesley Patterson and Lorenzo Bruzzone},
  title = {Radar evidence of an accessible cave conduit on the Moon below the Mare Tranquillitatis pit},
  journal = {Nature Astronomy},
  volume = {8},
  number = {9},
  pages = {1119--1126},
  year = {2024},
  month = {September},
  doi = {10.1038/s41550-024-02302-y},
  url = {https://doi.org/10.1038/s41550-024-02302-y},
  issn = {2397-3366}
}

% Sekce 5
@article{lunar-base-marius-hills,
       author = {López-Martínez, Gabriel and Parro, L. M.},
       title = {Habitability Potential of Lunar Pit Craters: Marius Hills, Mare Tranquillitatis, Lacus Mortis and Mare Ingenii Pit},
       journal = {Proceedings of the Lunar and Planetary Science Conference},
       year = {2023},
       url = {https://www.hou.usra.edu/meetings/lpsc2023/pdf/2380.pdf}
}

@article{jsanders-isru,
       author = {Sanders, Gerald},
       title = {In-Situ Resource Utilization (ISRU): Surface Excavation and Construction},
       journal = {NASA Space Technology Mission Directorate},
       year = {2021},
       url = {https://www.nasa.gov/wp-content/uploads/2015/03/jsanders_lunar_isru_tagged_0.pdf}
}